Automatically generated by Mendeley Desktop 1.17.9
Any changes to this file will be lost if it is regenerated by Mendeley.

BibTeX export options can be customized via Preferences -> BibTeX in Mendeley Desktop

@misc{ISO1998,
author = {ISO},
title = {{ISO 9241-11:1998(en), Ergonomic requirements for office work with visual display terminals (VDTs) — Part 11: Guidance on usability}},
url = {https://www.iso.org/obp/ui/{\#}iso:std:iso:9241:-11:ed-1:v1:en},
urldate = {2017-04-19},
year = {1998}
}
@misc{Smith2013,
author = {Smith, Scott},
title = {{Determining Sample Size: How to Ensure You Get the Correct Sample Size | Qualtrics}},
url = {https://www.qualtrics.com/blog/determining-sample-size/},
urldate = {2017-04-19},
year = {2013}
}
@book{Brooke1996,
author = {Brooke, John},
isbn = {0748404600},
pages = {252},
publisher = {Taylor {\&} Francis},
title = {{SUS-A quick and dirty usability scale. "Usability Evaluation In Industry"}},
url = {https://books.google.no/books?hl=no{\&}lr={\&}id=IfUsRmzAqvEC{\&}oi=fnd{\&}pg=PA189{\&}dq=System+Usability+Scale{\&}ots=G9ruEfmq4o{\&}sig=yCoiMoMsWniQBOuKq2zVCoKHH{\_}E{\&}redir{\_}esc=y{\#}v=onepage{\&}q=System Usability Scale{\&}f=false},
year = {1996}
}
@book{Ben2009,
author = {Ben, Schneiderman and Plaisant, Catherine},
edition = {Fifth},
isbn = {0-321-60148-3},
publisher = {Pearson},
title = {{Designing the User Interface}},
year = {2009}
}
@misc{Schade2015,
abstract = {Pilot testing (a session or two before the real test) helps fine-tune usability studies, leading to more reliable results. It provides an opportunity to validate the wording of the tasks, understand the time necessary for the session, and, if all goes well, may even supply an additional data point for your study.},
author = {Schade, Amy},
title = {{Pilot Testing: Getting It Right (Before) the First Time}},
url = {https://www.nngroup.com/articles/pilot-testing/},
urldate = {2017-04-19},
year = {2015}
}
